% 7973146
@ARTICLE{ding:2017,
author={Z. Ding and X. Lei and G. K. Karagiannidis and R. Schober and J. Yuan and V. K. Bhargava},
journal={IEEE Journal on Selected Areas in Communications},
title={A Survey on Non-Orthogonal Multiple Access for 5G Networks: Research Challenges and Future Trends},
year={2017},
volume={35},
number={10},
pages={2181-2195},
keywords={multi-access systems;radio networks;non-orthogonal multiple access;5G networks;fifth-generation wireless networks;NOMA;NOMA;5G mobile communication;Quality of service;Resource management;Millimeter wave communication;MIMO;Cognitive radio;Non-orthogonal multiple access (NOMA);multi-carrier NOMA;MIMO;cooperative NOMA;millimeter-wave networks},
doi={10.1109/JSAC.2017.2725519},
ISSN={0733-8716},
month={Oct},}

% 6692652
@INPROCEEDINGS{saito:2013,
author={Y. Saito and Y. Kishiyama and A. Benjebbour and T. Nakamura and A. Li and K. Higuchi},
booktitle={2013 IEEE 77th Vehicular Technology Conference (VTC Spring)},
title={Non-Orthogonal Multiple Access ({NOMA}) for Cellular Future Radio Access},
year={2013},
volume={},
number={},
pages={1-5},
keywords={cellular radio;discrete Fourier transforms;frequency division multiple access;interference suppression;OFDM modulation;radio access networks;nonorthogonal multiple access;NOMA;cellular future radio access;LTE radio access scheme;orthogonal frequency division multiple access;OFDMA;discrete Fourier transform-spread OFDM;successive interference cancellation;frequency-selective channel quality indicator;CQI;multiantenna-site technologies;interference rejection combining receiver;Silicon carbide;Receivers;OFDM;Throughput;Resource management;MIMO;Long Term Evolution},
doi={10.1109/VTCSpring.2013.6692652},
ISSN={1550-2252},
month={June},}

% 7676258
@ARTICLE{islam:2017,
author={S. M. R. Islam and N. Avazov and O. A. Dobre and K. Kwak},
journal={IEEE Communications Surveys Tutorials},
title={Power-Domain Non-Orthogonal Multiple Access (NOMA) in 5G Systems: Potentials and Challenges},
year={2017},
volume={19},
number={2},
pages={721-742},
keywords={5G mobile communication;cellular radio;encoding;interference suppression;multi-access systems;next generation networks;radio receivers;radio transmitters;radiofrequency interference;power-domain nonorthogonal multiple access;NOMA;5G system;radio access technique;next-generation cellular communication;spectrum efficiency;code-domain;superposition coding;successive interference cancellation;receiver;transmitter;technologies;power allocation strategies;user fairness;user-pairing schemes;wireless communication techniques;NOMA;5G mobile communication;OFDM;Multiaccess communication;Receivers;Tutorials;Encoding;Non-orthogonal multiple access (NOMA);orthogonal multiple access (OMA);5G;NOMA solutions;NOMA performance;research challenges;implementation issues},
doi={10.1109/COMST.2016.2621116},
ISSN={1553-877X},
month={Secondquarter},}

% 7024461
@INPROCEEDINGS{yazaki:2014, 
author={T. Yazaki and Y. Sanada}, 
booktitle={2014 International Symposium on Intelligent Signal Processing and Communication Systems (ISPACS)}, 
title={Effect of joint detection and decoding in non-orthogonal multiple access}, 
year={2014}, 
volume={}, 
number={}, 
pages={245-250}, 
keywords={decoding;multi-access systems;radio receivers;radiowave propagation;signal detection;smart phones;propagation loss;numerical analysis;CCC;constellation constrained capacity;NOMA downlink;signal detection;decoding;frequency sharing;multiple mobile device;nonorthogonal multiple access;Signal to noise ratio;Decoding;Propagation losses;Mobile communication;AWGN;Phase shift keying;Receivers}, 
doi={10.1109/ISPACS.2014.7024461}, 
ISSN={}, 
month={Dec},}

@article{shahab:2018,
title = "User pairing and power allocation for non-orthogonal multiple access: Capacity maximization under data reliability constraints",
journal = "Physical Communication",
volume = "30",
pages = "132 - 144",
year = "2018",
issn = "1874-4907",
doi = "https://doi.org/10.1016/j.phycom.2018.05.010",
url = "http://www.sciencedirect.com/science/article/pii/S1874490717305050",
author = "Muhammad Basit Shahab and Soo Young Shin",
keywords = "Non-orthogonal multiple access (NOMA), User pairing (UP), Power allocation (PA), Capacity, Bit error rate (BER), Successive interference cancellation (SIC)"
}

% 7481506
@INPROCEEDINGS{sun:2016,
author={S. Sun and G. R. MacCartney and T. S. Rappaport},
booktitle={2016 10th European Conference on Antennas and Propagation (EuCAP)},
title={Millimeter-wave distance-dependent large-scale propagation measurements and path loss models for outdoor and indoor 5G systems},
year={2016},
volume={},
number={},
pages={1-5},
keywords={5G mobile communication;cellular radio;computational complexity;indoor radio;microwave propagation;millimetre wave propagation;closed-form expression;free space propagation;computational complexity;line-of-sight environment;nonline-of-sight environment;CIF;frequency-weighted path loss exponent;multifrequency CI model;ABG model;multifrequency alpha-beta-gamma model;single-frequency CI reference distance model;single-frequency close-in free space reference distance model;FI model;single-frequency floating-intercept model;indoor office scenarios;urban microcellular;indoor 5G system;outdoor 5G system;path loss model;millimeter wave distance-dependent large-scale propagation measurement;frequency 28 GHz;frequency 73 GHz;Antenna measurements;Loss measurement;Frequency measurement;Propagation losses;Data models;Mathematical model;Computational modeling},
doi={10.1109/EuCAP.2016.7481506},
ISSN={},
month={April},}

% 7501500
@ARTICLE{samimi:2016,
author={M. K. Samimi and T. S. Rappaport},
journal={IEEE Transactions on Microwave Theory and Techniques},
title={3-D Millimeter-Wave Statistical Channel Model for 5G Wireless System Design},
year={2016},
volume={64},
number={7},
pages={2207-2225},
keywords={5G mobile communication;wireless channels;3D millimeter wave statistical channel model;5G wireless system design;3D statistical channel impulse response;IR model;urban line of sight;non-LOS channels;New York City;ultra-high frequency-microwave;millimeter wave spectrum;mmWave spectrum;angle of arrival power spectra;Antenna measurements;Channel models;Delays;Brain modeling;3GPP;Mathematical model;Mobile communication;Channel model;5G;impulse response (IR);millimeter-wave (mmWave) propagation;multipath;73 GHz;spatial channel model (SCM);spatial lobe (SL);statistical simulator;3-D ray-tracing;time cluster (TC);time cluster spatial lobe (TCSL);28 GHz},
doi={10.1109/TMTT.2016.2574851},
ISSN={0018-9480},
month={July},}

% 8259292
@ARTICLE{lee:2018,
author={J. Lee and J. Choi and J. Lee and S. Kim},
journal={IEEE Antennas and Wireless Propagation Letters},
title={28 GHz Millimeter-Wave Channel Models in Urban Microcell Environment Using Three-Dimensional Ray Tracing},
year={2018},
volume={17},
number={3},
pages={426-429},
keywords={cellular radio;microcellular radio;millimetre wave communication;next generation networks;ray tracing;wireless channels;ray-tracing simulation;NLOS regions;millimeter-wave channel models;electromagnetic characteristics;mmWave band channel models;3D ray-tracing simulation;path loss;dual-slope NLOS PL models;dual-slope LOS PL models;root-mean-square errors;mmWave provision;technical feasibility;mmWave communication systems;next-generation cellular systems;millimeter-wave band;three-dimensional ray tracing;urban microcell environment;frequency 6.0 GHz;frequency 28.0 GHz;Ray tracing;Solid modeling;Antenna measurements;Three-dimensional displays;Buildings;Diffraction;Simulation;28 GHz;fifth generation (5G);millimeter-wave (mmWave) communication;mmWave propagation;ray tracing},
doi={10.1109/LAWP.2018.2793872},
ISSN={1536-1225},
month={March},}

% 6834753
@ARTICLE{akdeniz:2014,
author={M. R. Akdeniz and Y. Liu and M. K. Samimi and S. Sun and S. Rangan and T. S. Rappaport and E. Erkip},
journal={IEEE Journal on Selected Areas in Communications},
title={Millimeter Wave Channel Modeling and Cellular Capacity Evaluation},
year={2014},
volume={32},
number={6},
pages={1164-1179},
keywords={4G mobile communication;array signal processing;microcellular radio;microwave antenna arrays;millimetre wave antenna arrays;next generation networks;picocellular radio;radio spectrum management;signal detection;space division multiplexing;statistical analysis;submillimetre wave antennas;wireless channels;millimeter wave channel modeling;cellular capacity evaluation;next-generation microcellular wireless network;next-generation picocellular wireless network;radio spectrum management;dimensional antenna array;beamforming;spatial multiplexing;spatial statistical model;dense urban deployment;angular dispersion;spatial cluster;signal detection;4G cellular network;frequency 30 GHz to 300 GHz;frequency 28 GHz;distance 100 m to 200 m;Power measurement;Antenna measurements;Standards;Clustering algorithms;Gain;Delays;Mobile communication;Millimeter wave radio;3GPP LTE;cellular systems;wireless propagation;28 GHz;73 GHz;urban deployments},
doi={10.1109/JSAC.2014.2328154},
ISSN={0733-8716},
month={June},}

@misc{khan:2011, 
place={Samsung}, 
title={Millimeter-wave Mobile Broadband: Unleashing 3-300GHz Spectrum},
howpublished={\url{https://eclass.duth.gr/modules/document/file.php/TMA191/Farooq%20Khan-RF-Systems-Mobile%20Broadband-unleasing-t1.pdf}},
note={Accessed:2019-01-16},
publisher={Samsung},
author={Khan, Farooq and Pi, Jerry},
year={2011},
month={Mar},}

@misc{nguyen:2017,
title={Qoro - Small Cell Networks and the Evolution of 5G},
howpublished={\url{https://www.qorvo.com/design-hub/blog/small-cell-networks-and-the-evolution-of-5g}},
note={Accessed:2019-01-17},
journal={Qorvo},
author={Nguyen, Tuan},
year={2017},
month={May},}

%7273963
@ARTICLE{ding:2016,
author={Z. Ding and P. Fan and H. V. Poor},
journal={IEEE Transactions on Vehicular Technology},
title={Impact of User Pairing on 5G Nonorthogonal Multiple-Access Downlink Transmissions},
year={2016},
volume={65},
number={8},
pages={6010-6023},
keywords={5G mobile communication;cognitive radio;multi-access systems;quality of service;radio links;wireless channels;5G nonorthogonal multiple-access downlink transmissions;fifth-generation mobile networks;user pairing impact;NOMA system performance;cognitive radio networks;QoS;quality of service;CR-NOMA;user selection;channel conditions;performance gain;F-NOMA;cognitive-radio-inspired NOMA;fixed power allocation;Signal to noise ratio;Manganese;Resource management;Cognitive radio;Interference;Quality of service;Bandwidth;Cognitive radio;nonorthogonal multiple access (NOMA);power allocation;user pairing and outage probability},
doi={10.1109/TVT.2015.2480766},
ISSN={0018-9545},
month={Aug},}

@article{li:2014,
  title={A Novel Low Computational Complexity Power Assignment Method for Non-orthogonal Multiple Access Systems},
  author={Anxin Li and Atsushi Harada and Hidetoshi Kayama},
  journal={IEICE Transactions},
  year={2014},
  volume={97-A},
  pages={57-68}
}

@article{islam:2017web,
title={NOMA in 5G Systems: Exciting Possibilities for Enhancing Spectral Efficiency},
howpublished={\url={https://futurenetworks.ieee.org/tech-focus/june-2017/noma-in-5g-systems}}, 
journal={IEEE Future Networks},
note={Accessed:2018-09-25},
author={Islam, S. M. R.},
year={2017},
month={Jun}}

@ARTICLE{mrt,
author={E. {Björnson} and M. {Bengtsson} and B. {Ottersten}},
journal={IEEE Signal Processing Magazine},
title={Optimal Multiuser Transmit Beamforming: A Difficult Problem with a Simple Solution Structure [Lecture Notes]},
year={2014},
volume={31},
number={4},
pages={142-148},
keywords={Array signal processing;Transmission lines;Interference},
doi={10.1109/MSP.2014.2312183},
ISSN={1053-5888},
month={July},}

@article{mrt2,
  author    = {George C. Alexandropoulos and
               Marios Kountouris},
  title     = {Maximal Ratio Transmission in Wireless Poisson Networks under Spatially
               Correlated Fading Channels},
  journal   = {CoRR},
  volume    = {abs/1508.06440},
  year      = {2015},
  url       = {http://arxiv.org/abs/1508.06440},
  archivePrefix = {arXiv},
  eprint    = {1508.06440},
  timestamp = {Mon, 13 Aug 2018 16:48:25 +0200},
  biburl    = {https://dblp.org/rec/bib/journals/corr/Alexandropoulos15},
  bibsource = {dblp computer science bibliography, https://dblp.org}
}

@ARTICLE{zf,
author={A. {Wiesel} and Y. C. {Eldar} and S. {Shamai}},
journal={IEEE Transactions on Signal Processing},
title={Zero-Forcing Precoding and Generalized Inverses},
year={2008},
volume={56},
number={9},
pages={4409-4418},
keywords={channel coding;matrix algebra;optimisation;wireless channels;generalized inverses;linear zero-forcing precoding design;linear algebra;optimal matrix;standard convex optimization methods;Transmitters;Array signal processing;Throughput;Broadcasting;Signal processing algorithms;MIMO;Ambient intelligence;Linear algebra;Optimization methods;Computer simulation;Beamforming;generalized inverses;per-antenna constraints;semidefinite relaxation;zero-forcing precoding},
doi={10.1109/TSP.2008.924638},
ISSN={1053-587X},
month={Sep.},}

@INPROCEEDINGS{zf2, 
author={S. {Hu} and F. {Rusek}}, 
booktitle={2017 IEEE International Symposium on Information Theory (ISIT)}, 
title={A generalized zero-forcing precoder for multiple antenna Gaussian broadcast channels}, 
year={2017}, 
volume={}, 
number={}, 
pages={556-560}, 
keywords={channel coding;Gaussian channels;linear codes;MIMO communication;precoding;radiofrequency interference;generalized zero-forcing precoder;multiple antenna Gaussian broadcast channels;multiuser multiple-input-multiple-output;MIMO Gaussian broadcast;BC channels;generalized zero-forcing;GZF precoder;dirty-paper coding;linear block-diagonalization ZF;interuser interference;DPC implementation-complexity;optimal precoder designs;water-filling algorithms;Interference;Complexity theory;Transmitters;Precoding;Signal to noise ratio}, 
doi={10.1109/ISIT.2017.8006589}, 
ISSN={2157-8117}, 
month={June},}
